@inproceedings{ctl-forward,
 author = {Iwashita, Hiroaki and Nakata, Tsuneo and Hirose, Fumiyasu},
 title = {CTL Model Checking Based on Forward State Traversal},
 booktitle = {Proceedings of the 1996 IEEE/ACM International Conference on Computer-aided Design},
 series = {ICCAD '96},
 year = {1996},
 isbn = {0-8186-7597-7},
 location = {San Jose, California, USA},
 pages = {82--87},
 numpages = {6},
 url = {http://dl.acm.org/citation.cfm?id=244522.244536},
 acmid = {244536},
 publisher = {IEEE Computer Society},
 address = {Washington, DC, USA},
 keywords = {formal verification, model checking, CTL, state traversal, partitioned transition relation},
} 